4276 6301
1287 876 2621 252 ſont preſentement paſſez en conſerve bien dela[?] qui venoyent haſter de

1287 1055 2621 210 monẜr de bourbon lad arivee A cartagent et ce aſien ꝑ ung

1313 1207 2584 215 francois venant de barcellonne (et na led neſſyes faicte [?] deſ[?]

1308 1359 2521 216 de guerre ne prins aucun eſpaignol ce que Je luy avoye [?] mandé /

1281 1501 2606 231 herſoir paſſarent une fuſte en ung brigantin qui ſont aux eſpaigno

1302 1680 2627 199 au <> long dela couſte  de loccatte ⁊ lagde Et les a prins

1250 1816 2653 231 une tourmente ꝙ a grand peur avoir Ilz peu acheur leur voy ung

1318 1969 2595 225 Et doibvent eſtre cachez en quelque cap de quoy Jay mandé adver

1297 2142 2627 262 le long de nre couſte de mer pour venir <> ſi lon en pourra

1318 2289 2558 220 avoir no^les ( ce que Jay peur eſt quilz vennent venir qui deby

1297 2457 2600 241 nre armee de marſeille / Je vous envoye ung double de lre

1323 2635 2585 226 que le vyroy de barcellonne ma eſcripte par ung gentilhomme qui

1302 2777 2585 242 cathalans arreſtz mauroyent pour leur bailler pour envoyer en eſt

1308 2914 2568 257 avecques aucuns deux et men rapporter [?]tiſſica^on eux vyroy

1308 3066 2600 289 ny [?] mil ſubget du Roy detenu et veulent leſd cathelan

1308 3229 2568 299 arrestz pour eſt eſlargiz bailler bonnes ⁊ ſouffiſantes pleges

1344 3428 2679 226 dans ce pais de fe̾ eſlargir tous les francois ſi p[?]t en y a en

1292 3486 2621 431 eſpaigne de Retenuz ensemble leurs biens ou ſe venir repnter . da

1302 3701 2580 268 ung mois ſoubz lobliga^on quilz ſont a ce que jay peu entend

1318 3848 2569 294 par eulx. Ilz deſirent merveilleuſement avoir ung g[?]ge pour pouvoir

1297 4032 2585 263 traffiquer leurs marchandiſes avecq les ſubgetz du Roy . et que ceulx d

1292 4195 2590 299 Rossillon et de cataloigne pour leurs neceſſitez ni desirent point de ce

1318 4368 651 231 couſte la guerre

1166 4562 2705 274 Monſr je croy que ay es ſien ar[?]e quelſques lectres ont eſte depeſch

1265 4741 2627 268 par monſ^r Le chamcellier pour fe̾ bailler toute larrtillerye queſt de p

1292 4888 2563 268 a aigueſmortes laquelle le cappitaine ſervan pretend eſt ſemee / Le

1308 5082 2584 247 du pais enſemble La ville deux aigueſmortes ont proteſte jusques avoir
