4274 6300
1081 766 2400 273 Monseigneur ſuyvant vre mandement Jay faict Retirer noz bandes

1092 960 2315 231 Reẜue celle de monẜ^r darques / Et devray le peuple

1081 1113 2158 220 commancoit fort a se trouver mal de leur demeure ſans

1155 1260 2320 204 argent / Si vous ne avez donner ordre de faire porter le

1139 1401 2342 216 payement dudict arques Il sera ſans gens / Noz <> ennemys

1144 1538 2326 257 ont toſt congneu nre faibleſſe car Ilz ſont venuz veoir ſi le

1128 1674 2316 258 gros margueritee faiſoit bon guet a caucate / mais Ilz ny ont

1128 1811 2258 252 pas faict grant acqueſt / Ces jours paſſez une ꝑtie des

1128 1947 2216 273 baud de monẜ^r darques feurent advertiz de quelque

1128 2121 2195 252 embuſche que vouloient faire les eſpaignolz / Et leur

1139 2283 2153 268 firent une contre embuſche / la ou Il en fut

1134 2409 2263 305 tue une vintaine / et une quarenteine de priſonniers ; Jay

1144 2577 2232 310 mande audict darques quil neſt pas temps eſtre

1113 2761 2215 294 foible et noiſif / Je gerte Cinq Cens hommes pour

1123 2934 2232 268 Le guet de narbonne Et le demeurant eſpandu

1155 3092 2137 268 par la frontiere / Que ne ẜa que ung

1149 3255 2158 267 guet bien fre[?] / Je vous envoye les

1149 3407 2158 325 dernieres lres que lon meſcript dela frontiere / Jay

1071 3633 2404 273 veu mainctes Icelles alarmes qui n[?] pas eſte gant

1176 3780 2231 299 chose / vous adviſerez a tout / car de moy vous ne

1160 3984 2226 210 pouvez pas avoir gain ẜ[?] / Et tant que Jay en

1165 4110 2226 273 moien de quelque peu de santé je nay eſpargne

1155 4294 2299 320 ꝑſonne ny viens / mais mainctenant Jay peus beſoing

3769 519 121 147 137
