4278 6300
819 813 2665 305 Monẜ^r hier les gens de tous eſtatz de languedhoc aſſamblez en ceſte

751 1008 2701 273 ville de montpl^r octroyarent liberalement la ſomme quil avoyt pleu

756 1186 2749 252 au Roy leur fe demander / Il y a eu pluſieurs menees comme ſcaures amplemet

1040 1338 2202 289 par vre maiſtre dhoſtel lamerye a ſon Retour et que Jespere vous dire ./

1009 1527 2412 247 Depuis que dernierement vous ay eſcript Jay ſceu pour certain que le cardinal

998 1690 2423 231 de saincte croix eſtoit encores Il ny a que cinq Jours a palenirs actendant ꝙ

998 1863 2433 242 andre dorye ſapronche pour favoriſer son paſſaige car Il crainct

982 2021 2392 236 merveilleuſement nre armee de mer et de perdre ſa perſonne et

1003 2194 2360 221 dez autres qui doibvent aller avecques luy enſemble . les deux cens mille

1009 2341 2344 242 doubles Ducatz quil a ./ Il avoit demeure quatre ou cinq Jours ſur

977 2509 2491 257 mer ſefforſſant touſiours paſſer / mais pour lhorrible temps quil

998 2677 2433 252 y a faict a eſte contrainct Reprendre terre ./ Il vint ces Jours paſſez

972 2845 2428 242 Juſquee au cap decanet près Loitalte en habit diſſimule cuidant

1014 2992 2391 263 paſſer a la deſrobee avecq deux fragattez / car Il eſt demy deſeſpere

972 3181 2396 252 ne pouvant fe ſon voyage ./ mais eſtant averti que ce petit

1040 3333 2355 273 equipaige que Je tiens au long de nre couſte eſtoit on guet /

972 3507 2265 246 ne ſe ouſa avanturer mais Recula  aud palenirs de quoy

982 3685 2413 263 Jay <> adverti monẜ^r de barbeſieux et le lieuten en provence

888 3848 2480 299 les advertiſſements que Jay de tous couſtes ſe conforment que

998 4047 2349 221 Lempere^r dreſſe gros nombre degens pour envoyer en Italye comme

945 4200 2423 267 Ils diſent et aussi doibt Renforcer ſez frontieres tant de guienne que

1003 4336 2455 273 de Rossillon / mais de mon couſte encores Rien ne marche . Et me ſemble

2244 4478 415 147 en ceſte frontiere

993 4478 2475 325 mal aiſe quilz puiſſent fe ny par mer ny par terre detres trois

988 4667 2359 362 mois prochains / Parquoy enſuyvant le conge quil a pleu au Roy

3747 441 157 162 101
