4277 6297
3752 503 168 205 193

955 603 2765 283 Monſ^r Jay Receu une lectre que vous a pleu meſcripre de chantilly le xxvii^me de no^bre

1023 813 2697 236 Laquelle ma envoye monſ^r le general de Languedhoc eſtant a carcassonne enſemble la

1039 986 2749 236 facon quavoyt eſte tenue en laſſamblee dez gentilzhommes en la prevoſte et viconte de

1039 1128 2765 262 paris / Et deſia avoyt huict Jours que Je vous avoys depeſche la poſte de meſmes

1044 1301 2807 252 advertiſſant le Roy ⁊ vous de loctroy quavoyt faict la nobleſſe de la ſeneſchaucee de

1028 1495 2750 220 beaucaire ou avoyt pleu aud ſr ordonner monſr de cruſſel et moy Et depuis

1033 1658 2787 283 encores vous en ay Redepeſche affin que ne failliſſes a avoir lung pacquet ou

981 1784 388 220 laue

939 1973 2849 299 Monſr vous aures peu entendre La facon de nre excequ^on pour promptemt

1018 2146 2839 273 Recouvrer  Les deniers dud octroy Et comme Les gentilzhommes tous enſemble

1023 2319 2771 273 ont Requis led ſr de cruſſol et moy comme commiſſaires depeſcher lres

1012 2508 2792 257 excequtoires contre ceulx qui ſeroyent Reffuſans payer leur part dud octroy

1028 2681 2661 231 a ceulx qui ont eſte depputez a le recevoir / ce que leur accordaſmes

1012 2817 2724 258 et feiſmes Et eſpere que au terme quilz ont prins queſt la fin de fevrier

1002 2996 2697 252 Le Roy aura quelque part quil ſoit leſd deniers / Ilz ont eſleu entre

1012 3153 2808 226 autres pour pourter led argent au Roy mez nepveuz de gounaulx et de lers

986 3316 2818 236 Leſquelz y font Juceſſamment diligence / Je croy que autant en font ceulx

997 3500 2786 230 de carcaſſonne et thle comme aures peu eſtre adverti par led ſr general

997 3652 2807 257 Il me deplaiſroyt treſfort que ceulx de vre gouvernement euſſent

991 3830 2855 278 faict les Retiſz ny alle autrement que ſelon Linten^on de leur ſouverain

823 4035 3007 262 Monſr Jay entendu comme Le Roy ſen vient a lyon queſt approuchant

1012 4208 2750 268 vred gouvernement / Je vous ſupplie ſi ſa delibera^on eſt venir ꝑ

997 4423 2734 236 deca en advertir de bonne heure afin que lon pourvoye aux choſes

960 4591 2671 262 que y ſeront neceſſaires comme pluſieurs foiz vous en ay deſia

976 4764 2660 236 eſcript Aussi Je delibere aller trouver Le Roy ⁊ vous aud lyon

976 4922 2839 267 Et actendant de voz nouvelles apres avoir faict Le Jour de nre
