4279 6302
1414 651 2575 310 avecq monſ^r Le Legat men Iray fe ung tour Juſques a narbonne et nre

1356 814 2691 294 frontiere pour pourveoir aux choses que y verray eſtre necceſiſiaires / monſr

1335 955 2702 300 Le Legat et moy avons eſte huict ou dix Jours a la campaigne que na pas

1350 1097 2666 368 eſte ſans falconnery et nous eſtre ſouhettez aupres de vous tant g[?]s eſtre

1308 1260 1231 294 a chantilly avecqs tout nre equipaige ./

1214 1491 2754 310 Monſr a ceſtheure que nous avons La paix Je veux bien ſupplier Le Roy quil

1261 1691 2718 257 me face compaignon  <> ma tanlt / bernenſue et autres ſez faulconniers

1277 1864 2618 304 et que Je en aye une place ./ Je ſerviray deſt[?]ſſeur a tous ces faulconniers

3474 1748 132 504 bons

1277 2069 2739 257 Je vous promectz bien ma foy que mond ſr Le Legat est  bien deplaiſir

1303 2216 2676 257 que de ceſte a[?] en provence ne seſt prins ſacre ny ſacret car il vous

1293 2389 2712 284 eſtoit vouhe de long temps / Je me veulx Recommander touſiours bien

1261 2547 1935 288 fort a vre bonne grace priat nre ſr vous donner

1156 2736 2812 420 Monſ^r bonne ⁊ longue vye davignon le xxi de decembre

2670 3313 1319 294 Vre ſervit^r ⁊ vre

2633 3550 1341 567 couſin Ꝑ^e  clermont
