4277 6298
1339 913 2638 215 envoyarent devers Luy pourchaſſer La repara^on deſd villes / mais Il leur feiſt

1355 1060 2606 236 Reſponſe quilz Lont ſi mal contante aux eſtatz quil ne luy en ſoucye quant Ilz ſe

1360 1238 2564 210 perdioyent // Led perſonaige maſſeure que apres avoir led empere^r paye tous les

1350 1375 2622 220 fraiz ⁊ deſpences qui luy a convenu fe^r auſd eſtatz ./ les deniers que luy demeurent

1334 1522 2580 230 de ce que luy a eſté accorde / neſt pas grand chose / Vous ſcaves monẜr Le

1324 1695 2569 204 ſervice dud perſonnaige et eſt beſoing que pour l’entretenir ⁊ contanter le Roy Luy

1324 1831 2616 226 eſcripve une lrẽ en la forme que Je vous envoye . / cela ne couſtera Rien et

1313 1989 2522 225 ſervira de beaucoup / Led homme dit eſtre passe ꝑ collieure et y avoir ouy

1308 2130 2622 247 dire quil y devoyt arriver deux galeres decelles de barcellonne ⁊ que ung bregantin

1287 2309 2559 246 Les remorquoyt / Je ne le puis aſſurer eſtre vray mais par le premier vous

1329 2482 2501 236 manderay ce que en sera / En oultre Jay ſceu par leſd. deux eſpies comme puis

1308 2634 2538 221 huict Jours Lon a tenu a parpinian et autres deux ou trois petites villes les portes

1245 2786 2611 231 fermees / et faict groſſe diligence de prendre tous les francois gens de travail

1287 2939 2574 262 ou aultres vaccabons de leur pais quilz ont peu trouver po^r mectre eſd. galeres

1292 3107 2475 241 Ilz font bruict par dela que le nepveu de andre dorye au Retour de la court

1282 3259 2522 262 de lempere^r doibt prendre xii galeres dix barcellonne Et que a ceſte cauſe

1297 3421 2564 252 Il y a ordinere^t trois ou quatre cens hommes qui Inceſſamment et a toute diligence

1271 3584 2638 278 y beſoignent Touteſfs Il eſt mal aiſe comme vous ay mande quilz ſe puiſſent

1150 3752 1724 215 aider de ceſt yver de toutes leſd. xii galeres.

1208 3883 2743 226 Monẜr je prie dieu vous donner bonne vye longue De narbonne le v^iiie de ſeptembre

914 4041 2863 299 Je vous fort bonne [??]rision de forſſ[??] et en ay deja

951 4240 2837 252 eſcript deulx [??] au P[??] ce paf[??]r po^r fe venir ung

945 4387 2964 242 ho[??]r ꝙ aye ꝙ mission ; de les mener et <> les ung gros

977 4534 2858 205 pro[??] A [??]austre et vre dernier A mer et voz laus A

945 4650 2906 251 [??] car je croy ꝙ lampere^r ny eſparniera rien [??]

940 4833 998 200 ce fe de ſe couſte

824 4922 1729 216 Auſſy puis huit ſoirs eſt paſſe ung

2648 4739 1287 309 Vre ſerviteur ⁊ cousin

751 5043 336 179 [??]

803 5153 3016 247 en portiugal par Icy Il portoit le ſi[??] [??] du duc de savoye

1087 5048 1440 168 <> A ma dame de ſavoye ſen allant

2642 4907 1246 346 P^e clermont
