4275 6300
1323 845 2563 236 Monẜr apres avoir tenu les eſtatz a montpl^r men ſuis venu en ceſte ville

1323 976 2579 247 de narbonne et au long de nre frontiere ou Je nay trouve les choſes en

1323 1118 2547 252 trop maulvais eſtat / Reserve ſi groſſe pouvrete entre ces adventuriers quil

1339 1275 2563 263 eſt Impossible de plus car Ilz ſont dans le huictieſme mois qui leur

1339 1464 2500 200 eſt deu et encores neſt novelles de merlin / Il vous plaira pencer

1333 1601 2626 273 la peine ⁊ faſcherie ou J’en ſuis et y fe̾ pourveoir / Le ẜ^r xpõfle

1265 1758 2610 263 vre maiſtre dhoſtel eſt avecques vre compaignie dont Il peult

1365 1932 2474 246 dez ceſtheure avoir faict la monſtre Et croy quil ny a genſdarmes

1349 2110 2553 231 en france qui nayent en argent ſinon ceulx dont le Roy ma donner

1333 2268 2584 246 la charge car Il neſt novelles du clerc qui en devoit fe̾ le payement

1339 2409 2531 237 ſinon que ung Jehan dez champs commis du treſorier dez guerres a fe̾ led

1318 2593 2515 236 payement ſen eſt alle en bretaigne parti davignon puys vingt Jours

1281 2766 2615 263 deſ[??] laller querir / que neſt pas viande preſte pour leſd genſd^es

1307 2940 2537 246 qui en ont bon beſoing et ne ſe ext[??] moins gens de bien que

1297 3092 2589 262 les autres / Je ne ſcay comme lon peine que gens ſans payement

1281 3265 2531 289 puiſſent vivre et tenir les ordonnances du Roy dont ſi ſouvent

1249 3423 2569 246 maves eſcript / leſquelles Juſques appreſent leur ay faict garder en

1286 3580 2458 273 ſorte que men eſt venu milles plainttez amoy ⁊ Je vous ſuplie

1234 3743 2536 273 monẜr de rechief y adviſer / car Je n’aurai Jamais aiſe que Je

1239 3900 2563 242 ne vous aye dit de bouche et donne entendre au Roy le tout pour

1239 4058 2573 257 Le bien de ſon pais et ma deſcharge / Ce pendent Je feray le mieulx

1249 4221 2495 257 que Je pourray comme celuy a qui lon continue bien eſtre contrainct fe̾

1218 4368 924 236 de necceſſite vertu

1102 4536 2605 241 Monẜ^r Je prie nre ẜ^r vous donner bonne vye longue De

1239 4672 1344 284 narbonne le <> vme de ſeptembre

2111 4845 1743 315 Vre ẜvite^r ⁊ couſin

2405 5076 1418 284 Ꝑ^e Clermont
