4272 6296
3395 487 116 189 61

839 629 2635 294 la lectre que le Roy ma eſcript de labbaye de ſaint ylaire po^r monẜr davyane et

850 849 2619 205 pareillement veu ce que men mandes et aultre ce que le moyne vault que lon luy

839 944 2724 315 face plaiſir Il y ſera faict ſuyvant vre mandement tout ce que ſera poſſible

839 1143 2782 242 et nay failly Incontinent envoyer expreſſement ung gentilhomme devers les religieux

813 1322 1627 199 delad abbayes pour excequter lintencion du Roy

792 1432 2687 257 Jay entendu que lampere faict beaucoup dautres gros partiz a andré dorye Juſques

3600 1416 309 226 Dorie

850 1589 2640 257 a luy bailler gayette pour ſa ſeurté et pareillement au conte philippin Et luy

850 1731 2645 294 fauldra beaucoup deſ[??]z a entretenir ſa promeſſe / ſil eſtoit poſſible de fe.

855 1888 2677 315 ung eſcheq a ſez galeres Dud droye queſt la teſte de larmee de mer de lempere^r

808 2056 2713 284 vous avoyes bon marche du demourant / Il me ſemble que vre force de

802 2266 2535 252 mer pourra eſtre preſte beaucoup pluſtoſt que celle dez ennemys /

808 2413 2713 289 Ilz ont eu novelles A perpinyen puis deux Jours que le prince dorenge eſt

850 2602 2094 241 mort ⁊ grand quantité de leurs gens dans naples de peſte

771 2749 2740 288 Monẜ^r don philippes de ſcruillon mon priſonnier ma faict oeuffre quil

3594 2733 342 304 Camille

850 2927 2666 278 eſpere de trouver facon que ſi lempere^r tient quelque mien amy quil

855 3100 2677 294 le fera relaxer po^r luy Et que pour les ſervices quil a faict a ſon maiſtre

844 3294 2808 299 quil [??]de eſtre aſſure me luy reſfuzera lad requeſte ./ Jay pence comme

839 3483 2672 247 le pouvre viel premier panettier qui a eſte mon pere en faulconnerye qui eſt

860 3646 2713 226 en eſpaigne captif encores quil ne ſoit priſonier de bonne guerre comme

855 3814 2708 220 le myen et quil eſt vre allyé quil ſeroyt bon de le recouvrer vous men

844 3955 2745 242 manderes vre fantaſie Et ſoyes ſeur que Je ne le mertray a Rancon ſans

892 4123 2849 226 commandement du Roy ou vre. / Je vous depeſcheray dans trois Jours la

876 4291 2677 273 ꝑ[?]re Lequel Je feray paſſer par marseille pour vous dire au vray de

739 4491 2850 356 voz afferez dela / et en quel eſtat eſt ceſte armee que ſi dreſſe .Et ꝑ

834 4638 2703 257 p(ar)my manderay aceulx qui ony la charge comme je men voys Juſques

897 4800 2708 278 a aigueſmortes et quilz me mandent ce queſt necce pour le ſervice du

892 4968 2634 336 Roy / car encores quilz ne men ayent rien eſcript ſil ne laiſray

3836 456 73 152 81
