4272 6297
876 739 2666 179 Monẜ^r Je receuz le x. de ce mois une vre lettre du paſſe Et

997 855 2514 204 par Icelle veu loccaſion parquoy navoit encores eſte depeſche merlin Et croy que dez

1023 965 2519 268 ceſtheure aures Receu deux pacquetz que vous ay envoye de montpl^r tant de la concluſion dez

1018 1075 2472 299 eſtatz ꝙ autres choſes / Ung Autre dernierement de narbonne du v^me de ce mois ꝑ

991 1217 2535 241 Lequel Je vous advertiſoys de ꝑtie dela pouvrete ⁊ neceſſite en quoy Javas Trouve

1002 1348 2503 247 noz adventuriers queſt ſi treſgrande que lon ſcauroit dire . / Et depuis Jay eſte berce les

902 1490 2582 241 places de pierre pertui̾ſe et quer[??] ./ Leſquelles Jay trouve [??] reſerve de

928 1631 2556 216 trois compaignons en chune̾ ./ car tous les autres ſen eſtoyent venuz a narbonne afacilite

970 1700 2577 346 davoir plus moyen de vivre ceſd. places Et encores ceulx que Je y ay trouve ny euſſet

976 1899 2503 247 guieres plus endure car comme vous ay eſcript depuis huict mois que ſont deuz auſd

1012 2036 2451 241 adventuriers ceulx qui eſtoyent dans leſd. places ont mange les amonicions leſquelles

955 2140 2550 289 ne ſe peuvent Refe̾ quilz nayent argent pour payer ce quilz en ont prins / queſt

976 2314 2529 267 touſiours gros hazard deſd. places / Je vous laiſſe pencer en quelle faſcheon Len

986 2471 2498 273 ſuis Jay eſté contrainct preſter en chune̾ deſd places xxv eſniz pour deꝑtir avy

970 2644 2504 226 compaignons que Je y ay faict Retourner pour leur vivre Et si ay preſte A

934 2781 2472 236 ma bource ou faict fournir de vivres ſur mon

960 2938 2451 220 adventuriers et de quoy Jay reſpondu plus de ſix mille franz ./ car autrement

960 3059 2472 246 eſtoit Impoſſible garder quilz nabandonnaſſent narbonne leſd places ⁊ autres

949 3216 2488 215 de la frontiere / Je y voy tant [??] que ſi vous ny faites pourveoir et

918 3326 2509 268 ne le prenes a meur comme Il vous touche / Il me doubte davoir ung jour une

970 3494 2488 252 honte que ſera dommaige au Roy vous en avoir dele[??]y pour la charge quanes

970 3652 1995 262 Et me ſemble quil ne tient a vous en avoir aſſes adverti

934 3788 2561 299 Je vous depeſche expreſſamment ceſte poſte ./ que devant vre ꝑtement pour aller

981 3951 2398 273 en angleterre me mandes a qui le Roy entend que en vre abſence Jadreſſe les

970 4082 2493 304 pacquetz et autres afferez que ſurviendront en ceſte frontiere ./ Et auſſi ꝙ donnes

960 4255 2383 263 a vre de fe̾ depeſcher led payement auſd gens de [?] pour ce que

955 4371 2508 283 leur eſt deu queſt de huict mois comme deſſus eſt dit . Enſemble

970 4554 2451 257 quelque argent pour les caz Inoppinez A quoy Jay fourny ma bource

955 4727 2461 363 Juſques aceſtheure ./ Et remonſtrer au Roy quil luy plaiſe avoir regard

3841 367 147 189 93
