4276 6301
1281 1060 2622 205 monẜr de bourbon lad arivee A cartagent et ce aſien ꝑ ung

1281 1501 2601 231 herſoir paſſarent une fuſte en ung brigantin qui ſont aux eſpaigno

1308 1685 2605 189 au <> long dela couſte  de loccatte ⁊ lagde Et les a prins

1250 1816 2647 226 une tourmente ꝙ a grand peur avoir Ilz peu acheur leur voy ung

1329 1969 2584 231 Et doibvent eſtre cachez en quelque cap de quoy Jay mandé adver

1302 2137 2622 225 le long de nre couſte de mer pour venir <> ſi lon en pourra

1323 2289 2548 220 avoir no^les ( ce que Jay peur eſt quilz vennent venir qui deby

1308 2457 2584 241 nre armee de marſeille / Je vous envoye ung double de lre

1334 2630 2574 226 que le vyroy de barcellonne ma eſcripte par ung gentilhomme qui

1313 2772 2569 247 cathalans arreſtz mauroyent pour leur bailler pour envoyer en eſt

1308 2914 2563 257 avecques aucuns deux et men rapporter Jutiſſica^on eux vyroy

1313 3234 2558 299 arrestz pour eſt eſlargiz bailler bonnes ⁊ ſouffiſantes pleges

1308 3539 2605 278 eſpaigne de Retenuz ensemble leurs biens ou ſe venir repnter . da

1302 3712 2574 257 ung mois ſoubz lobliga^on quilz ſont a ce que jay peu entend

1313 4022 2569 273 traffiquer leurs marchandiſes avecq les ſubgetz du Roy . et que ceulx d

1308 4190 2568 304 Rossillon et de cataloigne pour leurs neceſſitez ni desirent point de ce

1318 4379 646 215 couſte la guerre

1271 4736 2616 247 par monſ^r Le chamcellier pour fe̾ bailler toute larrtillerye queſt de p

1292 4872 2558 284 a aigueſmortes laquelle le cappitaine ſervan pretend eſt ſemee / Le

1313 5067 2574 267 du pais enſemble La ville deux aigueſmortes ont proteſte jusques avoir
