<?xml version="1.0" encoding="UTF-8"?>
<alto xmlns:xsi="http://www.w3.org/2001/XMLSchema-instance"
      xmlns="http://www.loc.gov/standards/alto/ns-v4#"
      xsi:schemaLocation="http://www.loc.gov/standards/alto/ns-v4# http://www.loc.gov/standards/alto/v4/alto-4-2.xsd">
  <Description>
    <MeasurementUnit>pixel</MeasurementUnit>
    <sourceImageInformation>
      <fileName>f141.jpeg</fileName>
      
    </sourceImageInformation>
  </Description>
  
  <Tags>
    <OtherTag ID="BT1775" LABEL="MarginTextZone" DESCRIPTION="block type MarginTextZone"/><OtherTag ID="BT1774" LABEL="MainZone" DESCRIPTION="block type MainZone"/><OtherTag ID="BT4" LABEL="Illustration" DESCRIPTION="block type Illustration"/><OtherTag ID="BT1772" LABEL="DropCapitalZone" DESCRIPTION="block type DropCapitalZone"/>
    <OtherTag ID="LT1319" LABEL="InterlinearLine" DESCRIPTION="line type InterlinearLine"/><OtherTag ID="LT3" LABEL="Correction" DESCRIPTION="line type Correction"/><OtherTag ID="LT603" LABEL="DefaultLine" DESCRIPTION="line type DefaultLine"/>
  </Tags>
  
  <Layout>
    <Page WIDTH="4274"
          HEIGHT="6300"
          PHYSICAL_IMG_NR="5"
          ID="eSc_dummypage_">
      <PrintSpace HPOS="0"
                  VPOS="0"
                  WIDTH="4274"
                  HEIGHT="6300">
        
        <TextBlock HPOS="819"
                   VPOS="735"
                   WIDTH="2719"
                   HEIGHT="3900"
                   ID="eSc_textblock_2324f7d4"
                   TAGREFS="BT1774">
          <Shape><Polygon POINTS="3496 2703 3391 3087 3412 3606 3496 3696 3475 4509 3391 4635 3202 4530 1995 4593 1113 4509 1155 3843 1071 3795 1008 3522 1113 3333 1113 1848 1109 1779 1112 1653 1106 1570 1086 1428 1113 1344 966 1296 945 1134 819 1086 819 819 2347 735 3538 861 3454 1134 3517 1611 3412 2184"/></Shape>
          
          
          <TextLine ID="eSc_line_1b03e138"
                    TAGREFS="LT603"
                    BASELINE="1092 966 2735 929 3481 939" 
                    HPOS="1081"
                    VPOS="761"
                    WIDTH="2394"
                    HEIGHT="273">
            <Shape><Polygon POINTS="3444 855 3391 850 3339 845 3286 840 3234 834 3192 824 2950 829 2924 819 2872 792 2866 792 2814 787 2761 782 2709 777 2656 771 2604 766 2583 761 2488 766 2483 766 2478 766 2478 771 2431 813 2399 840 2142 829 2110 808 2063 777 2058 777 2052 777 2047 777 1743 782 1737 782 1732 782 1701 808 1622 861 1491 861 1412 808 1407 808 1401 808 1396 808 1391 808 1281 834 1239 803 1239 798 1186 803 1134 803 1081 808 1086 966 1092 1034 1170 1002 1391 1029 1449 1034 1454 1034 1459 1034 1464 1034 1470 1029 1517 997 1748 1023 1827 1029 1832 1029 1837 1029 1858 1018 1921 987 2221 1013 2242 1013 2247 1013 2252 1013 2257 1013 2347 981 2425 1008 2452 1018 2457 1018 2462 1018 2467 1018 2509 1008 2572 992 2604 1008 2620 1013 2625 1013 2630 1013 2635 1013 2641 1013 2641 1008 2646 1002 2677 976 2746 1002 2761 1008 2767 1008 2772 1008 2777 1008 2782 1008 2782 1002 2788 1002 2814 976 2924 997 2971 1008 2977 1008 3229 1002 3234 1002 3239 1002 3250 992 3286 971 3470 987 3475 934 3465 855 3444 855"/></Shape>
	    <String CONTENT="Monseigneur ſuyvant vre mandement Jay faict Retirer noz bandes"
                    HPOS="1081"
                    VPOS="761"
                    WIDTH="2394"
                    HEIGHT="273"></String>
          </TextLine>

          
          
          <TextLine ID="eSc_line_4af9d7e8"
                    TAGREFS="LT603"
                    BASELINE="1097 1097 2115 1107 3407 1071" 
                    HPOS="1086"
                    VPOS="966"
                    WIDTH="2316"
                    HEIGHT="225">
            <Shape><Polygon POINTS="1092 1092 1092 1144 1233 1191 1239 1191 1244 1191 1249 1191 1354 1144 1354 1139 1559 1139 1564 1139 1606 1170 1611 1170 1617 1170 1622 1170 1627 1170 1695 1139 1711 1128 1716 1134 1743 1160 1743 1165 1748 1165 1753 1165 1974 1186 1979 1186 1984 1186 2089 1139 2137 1181 2142 1181 2147 1181 2152 1186 2268 1186 2268 1181 2273 1181 2389 1123 2399 1123 2415 1123 2520 1149 2525 1149 2719 1123 2793 1176 2798 1176 2803 1176 2809 1176 2814 1176 2893 1149 2971 1176 2977 1176 2982 1176 3145 1170 3150 1170 3155 1170 3155 1165 3213 1113 3402 1113 3402 1071 3391 1002 2887 976 2882 976 2751 1002 2709 971 2709 966 2704 966 2698 966 2546 966 2541 966 2536 966 2530 966 2488 997 2268 976 2263 976 2257 976 2142 1008 2126 1008 2105 1008 1916 976 1911 976 1905 976 1900 976 1848 1008 1842 1013 1653 1013 1638 1008 1564 976 1559 976 1554 976 1548 976 1475 1008 1454 1018 1396 1008 1239 981 1233 981 1086 1008 1092 1092"/></Shape>
	    <String CONTENT="Reẜue celle de monẜ^r darques / Et devray le peuple"
                    HPOS="1086"
                    VPOS="966"
                    WIDTH="2316"
                    HEIGHT="225"></String>
          </TextLine>

          
          
          <TextLine ID="eSc_line_f15e534d"
                    TAGREFS="LT603"
                    BASELINE="1081 1254 3239 1254" 
                    HPOS="1076"
                    VPOS="1113"
                    WIDTH="2158"
                    HEIGHT="220">
            <Shape><Polygon POINTS="1076 1249 1076 1302 1139 1317 1144 1317 1149 1317 1155 1317 1155 1312 1165 1302 1186 1286 1239 1302 1328 1328 1333 1328 1338 1328 1344 1328 1428 1302 1438 1296 1443 1302 1470 1323 1470 1328 1475 1328 1480 1328 1485 1333 1611 1333 1611 1328 1617 1328 1669 1302 1690 1286 1701 1302 1732 1323 1732 1328 1737 1328 1743 1328 1748 1333 1853 1333 1853 1328 1858 1328 1953 1296 1995 1286 2200 1286 2242 1296 2352 1328 2357 1328 2362 1328 2520 1291 2562 1286 2646 1291 3003 1328 3008 1328 3013 1328 3019 1328 3076 1291 3087 1286 3229 1286 3234 1249 3234 1176 2866 1176 2861 1170 2777 1113 2772 1113 2767 1113 2336 1113 2331 1113 2326 1113 2320 1113 2252 1165 2236 1176 2000 1176 1974 1160 1879 1123 1874 1123 1869 1123 1863 1123 1774 1160 1743 1170 1711 1160 1585 1113 1580 1113 1575 1113 1396 1118 1391 1118 1386 1118 1333 1155 1302 1170 1076 1155 1076 1249"/></Shape>
	    <String CONTENT="commancoit fort a se trouver mal de leur demeure ſans"
                    HPOS="1076"
                    VPOS="1113"
                    WIDTH="2158"
                    HEIGHT="220"></String>
          </TextLine>

          
          
          <TextLine ID="eSc_line_8fd14bb0"
                    TAGREFS="LT603"
                    BASELINE="1160 1370 3475 1401" 
                    HPOS="1149"
                    VPOS="1260"
                    WIDTH="2321"
                    HEIGHT="210">
            <Shape><Polygon POINTS="1155 1365 1149 1428 1244 1443 1249 1443 1254 1443 1291 1428 1338 1412 1417 1428 1480 1443 1485 1443 1491 1443 1496 1443 1512 1428 1543 1407 1753 1428 1926 1449 1932 1449 1937 1449 1942 1449 1963 1428 1974 1422 2473 1422 2499 1428 2572 1459 2578 1459 2872 1464 2877 1464 2882 1464 2966 1428 2971 1428 2982 1428 3076 1470 3082 1470 3087 1470 3465 1428 3470 1396 3460 1312 2945 1312 2924 1307 2851 1275 2845 1275 2840 1275 2662 1302 2651 1302 2599 1270 2593 1270 2588 1270 2583 1270 2383 1302 2331 1307 2326 1302 2305 1270 2299 1270 2299 1265 2294 1265 2289 1265 2284 1265 1995 1296 1932 1302 1921 1296 1900 1275 1900 1270 1895 1270 1890 1270 1884 1270 1879 1270 1800 1296 1795 1296 1790 1296 1737 1260 1732 1260 1727 1260 1722 1260 1569 1291 1548 1296 1543 1291 1496 1260 1491 1260 1485 1260 1480 1260 1475 1260 1470 1260 1422 1291 1155 1291 1155 1365"/></Shape>
	    <String CONTENT="argent / Si vous ne avez donner ordre de faire porter le"
                    HPOS="1149"
                    VPOS="1260"
                    WIDTH="2321"
                    HEIGHT="210"></String>
          </TextLine>

          
          
          <TextLine ID="eSc_line_81696623"
                    TAGREFS="LT603"
                    BASELINE="1149 1517 3481 1533" 
                    HPOS="1139"
                    VPOS="1401"
                    WIDTH="2336"
                    HEIGHT="216">
            <Shape><Polygon POINTS="1144 1512 1139 1596 1223 1606 1228 1606 1233 1606 1254 1596 1338 1554 1454 1590 1459 1590 1464 1590 1470 1590 1475 1590 1517 1559 1564 1596 1575 1606 1580 1606 1585 1606 1590 1606 1596 1606 1622 1596 1706 1554 1795 1554 1832 1590 1853 1606 1853 1611 1858 1611 1863 1611 1869 1617 2100 1617 2100 1611 2105 1611 2147 1590 2179 1569 2200 1590 2221 1606 2221 1611 2226 1611 2231 1611 2236 1611 2242 1611 2289 1590 2294 1585 2331 1617 2336 1617 2341 1617 2347 1617 2525 1606 2530 1606 2536 1606 2562 1585 2593 1564 2677 1564 2704 1585 2740 1617 2746 1617 2751 1617 2756 1617 2761 1617 2830 1585 2861 1569 2903 1580 3003 1611 3008 1611 3013 1611 3019 1611 3024 1611 3024 1606 3055 1580 3071 1569 3465 1575 3475 1533 3465 1449 2898 1454 2861 1438 2798 1412 2793 1412 2788 1412 2782 1412 2777 1412 2740 1438 2719 1449 2593 1438 2310 1407 2305 1407 2079 1433 1953 1443 1863 1428 1716 1401 1711 1401 1517 1422 1433 1433 1386 1422 1344 1412 1338 1412 1333 1412 1328 1412 1323 1412 1312 1422 1291 1438 1144 1422 1144 1512"/></Shape>
	    <String CONTENT="payement dudict arques Il sera ſans gens / Noz &lt;&gt; ennemys"
                    HPOS="1139"
                    VPOS="1401"
                    WIDTH="2336"
                    HEIGHT="216"></String>
          </TextLine>

          
          
          <TextLine ID="eSc_line_67cf98cf"
                    TAGREFS="LT603"
                    BASELINE="1149 1643 2457 1701 3470 1680" 
                    HPOS="1139"
                    VPOS="1538"
                    WIDTH="2326"
                    HEIGHT="252">
            <Shape><Polygon POINTS="1144 1638 1139 1690 1317 1690 1370 1743 1370 1748 1375 1748 1380 1748 1386 1748 1391 1748 1517 1701 1575 1753 1580 1753 1585 1753 1590 1753 1596 1753 1779 1701 1785 1701 1842 1743 1848 1743 1853 1743 1858 1743 1863 1743 1963 1706 2005 1748 2005 1753 2010 1753 2016 1753 2105 1764 2320 1769 2326 1769 2331 1769 2410 1727 2525 1774 2530 1774 2536 1779 2536 1774 2662 1753 2751 1779 2756 1779 2761 1779 2767 1779 2898 1727 3139 1727 3223 1790 3229 1790 3234 1790 3239 1790 3244 1790 3460 1732 3465 1680 3449 1585 3239 1611 3066 1580 3050 1580 3045 1580 3040 1580 3034 1580 2998 1611 2940 1580 2929 1575 2924 1575 2919 1575 2856 1580 2635 1601 2599 1575 2593 1575 2588 1575 2583 1575 2578 1575 2572 1575 2525 1601 2389 1575 2289 1559 2284 1559 2194 1575 2110 1590 2084 1575 2063 1559 2058 1559 2052 1559 2047 1559 2042 1559 2037 1559 2021 1575 2000 1585 1911 1575 1811 1559 1806 1559 1685 1569 1590 1580 1522 1569 1349 1538 1344 1538 1144 1564 1144 1638"/></Shape>
	    <String CONTENT="ont toſt congneu nre faibleſſe car Ilz ſont venuz veoir ſi le"
                    HPOS="1139"
                    VPOS="1538"
                    WIDTH="2326"
                    HEIGHT="252"></String>
          </TextLine>

          
          
          <TextLine ID="eSc_line_d4234d4b"
                    TAGREFS="LT603"
                    BASELINE="1139 1779 2609 1853 3444 1853" 
                    HPOS="1128"
                    VPOS="1674"
                    WIDTH="2311"
                    HEIGHT="247">
            <Shape><Polygon POINTS="1134 1774 1128 1842 1349 1811 1470 1848 1475 1848 1480 1848 1674 1827 1737 1858 1764 1874 1769 1874 1916 1879 1921 1879 1926 1879 1963 1863 2016 1837 2068 1863 2105 1884 2110 1884 2115 1884 2215 1869 2320 1848 2378 1869 2457 1900 2462 1900 2677 1905 2683 1905 2688 1905 2693 1905 2730 1874 2746 1863 2809 1874 3019 1921 3024 1921 3029 1921 3113 1879 3118 1879 3145 1884 3313 1911 3318 1911 3433 1884 3439 1848 3439 1785 3145 1785 3118 1774 3029 1737 3024 1737 3019 1737 3013 1737 2924 1764 2893 1774 2735 1769 2730 1758 2698 1732 2698 1727 2693 1727 2688 1727 2683 1727 2677 1727 2672 1727 2630 1758 2620 1764 2567 1753 2452 1732 2446 1732 2037 1737 1932 1737 1916 1732 1779 1690 1774 1690 1769 1690 1391 1716 1375 1716 1370 1716 1323 1674 1317 1674 1312 1674 1307 1674 1134 1706 1134 1774"/></Shape>
	    <String CONTENT="gros margueritee faiſoit bon guet a caucate / mais Ilz ny ont"
                    HPOS="1128"
                    VPOS="1674"
                    WIDTH="2311"
                    HEIGHT="247"></String>
          </TextLine>

          
          
          <TextLine ID="eSc_line_f5344d08"
                    TAGREFS="LT603"
                    BASELINE="1139 1937 1685 1932 2394 1979 3386 1989" 
                    HPOS="1128"
                    VPOS="1811"
                    WIDTH="2253"
                    HEIGHT="252">
            <Shape><Polygon POINTS="3113 1853 3108 1853 3103 1853 3097 1853 3092 1853 3092 1858 3050 1890 3050 1895 2924 1895 2914 1890 2845 1853 2814 1853 2798 1853 2641 1879 2315 1853 2310 1853 2305 1853 2226 1874 2221 1874 2210 1874 1968 1827 1963 1827 1758 1863 1753 1863 1748 1863 1632 1821 1627 1821 1622 1821 1617 1821 1543 1848 1512 1821 1512 1816 1506 1816 1501 1816 1281 1811 1275 1811 1270 1811 1134 1848 1134 1932 1128 1979 1244 1968 1270 1989 1291 2005 1296 2005 1302 2005 1307 2005 1312 2005 1344 1989 1375 1974 1407 1989 1443 2005 1449 2005 1454 2005 1459 2005 1464 2005 1480 1989 1512 1974 1690 1974 1706 1995 1743 2031 1743 2037 1748 2037 1753 2037 1758 2042 1884 2042 1884 2037 1890 2037 1895 2037 1942 1995 1947 1989 1958 1995 1968 2005 1968 2010 1974 2010 1979 2010 1984 2010 2131 2000 2184 1995 2194 2000 2257 2047 2263 2047 2268 2047 2273 2047 2278 2047 2410 2000 2415 2000 2420 2000 2494 2052 2499 2052 2504 2052 2677 2058 2683 2058 2688 2058 2814 2010 2903 2063 2908 2063 2914 2063 2919 2063 3145 2016 3376 2016 3381 1984 3381 1895 3271 1863 3265 1863 3260 1863 3255 1863 3155 1895 3118 1858 3118 1853 3113 1853"/></Shape>
	    <String CONTENT="pas faict grant acqueſt / Ces jours paſſez une ꝑtie des"
                    HPOS="1128"
                    VPOS="1811"
                    WIDTH="2253"
                    HEIGHT="252"></String>
          </TextLine>

          
          
          <TextLine ID="eSc_line_3597737d"
                    TAGREFS="LT603"
                    BASELINE="1139 2068 3344 2142" 
                    HPOS="1128"
                    VPOS="1947"
                    WIDTH="2211"
                    HEIGHT="268">
            <Shape><Polygon POINTS="1134 2063 1128 2089 1307 2126 1312 2126 1464 2110 1564 2173 1569 2173 1575 2173 1580 2173 1585 2173 1701 2126 1863 2184 1869 2184 1874 2184 1879 2184 1884 2184 1932 2147 1958 2168 1963 2168 1968 2168 1974 2168 2389 2142 2483 2152 2530 2199 2530 2205 2536 2205 2541 2205 2751 2215 2756 2215 3334 2168 3339 2142 3339 2058 2851 2042 2845 2037 2756 1995 2751 1995 2746 1995 2740 1995 2635 2026 2614 2031 2588 2026 2457 1984 2452 1984 2446 1984 2310 2016 2294 2016 2278 2010 2163 1974 2158 1974 2152 1974 2147 1974 2079 2005 2073 2005 2016 1974 2010 1974 2005 1974 2000 1974 1905 2000 1869 2005 1821 1995 1680 1958 1674 1958 1669 1958 1554 1984 1522 1989 1491 1979 1401 1947 1396 1947 1391 1947 1134 1963 1134 2063"/></Shape>
	    <String CONTENT="baud de monẜ^r darques feurent advertiz de quelque"
                    HPOS="1128"
                    VPOS="1947"
                    WIDTH="2211"
                    HEIGHT="268"></String>
          </TextLine>

          
          
          <TextLine ID="eSc_line_e9f46818"
                    TAGREFS="LT603"
                    BASELINE="1128 2241 1722 2252 2646 2310 3323 2294" 
                    HPOS="1123"
                    VPOS="2126"
                    WIDTH="2195"
                    HEIGHT="241">
            <Shape><Polygon POINTS="3318 2289 3302 2199 3234 2215 3124 2194 3034 2173 3029 2173 3024 2173 2992 2189 2966 2205 2625 2205 2546 2173 2504 2157 2499 2157 2494 2157 2488 2157 2483 2157 2483 2163 2473 2168 2446 2194 2378 2168 2352 2157 2347 2157 2341 2157 2336 2157 2331 2157 2320 2163 2289 2184 2247 2163 2210 2147 2205 2147 1979 2142 1974 2142 1926 2152 1832 2173 1779 2147 1748 2131 1743 2131 1737 2131 1627 2142 1417 2163 1286 2131 1281 2131 1275 2131 1270 2131 1265 2131 1228 2157 1128 2126 1123 2236 1123 2315 1228 2273 1386 2304 1391 2304 1396 2304 1485 2283 1554 2320 1575 2331 1580 2331 1585 2331 1590 2331 1627 2320 1727 2289 1879 2289 2000 2320 2094 2346 2100 2346 2105 2346 2110 2346 2194 2325 2268 2304 2336 2325 2441 2357 2446 2357 2835 2367 2840 2367 3082 2331 3092 2331 3103 2331 3213 2362 3218 2362 3223 2362 3229 2362 3313 2331 3318 2289"/></Shape>
	    <String CONTENT="embuſche que vouloient faire les eſpaignolz / Et leur"
                    HPOS="1123"
                    VPOS="2126"
                    WIDTH="2195"
                    HEIGHT="241"></String>
          </TextLine>

          
          
          <TextLine ID="eSc_line_107dadf0"
                    TAGREFS="LT603"
                    BASELINE="1139 2399 3292 2472" 
                    HPOS="1128"
                    VPOS="2299"
                    WIDTH="2158"
                    HEIGHT="252">
            <Shape><Polygon POINTS="1134 2394 1128 2478 1181 2483 1186 2483 1191 2483 1197 2483 1265 2425 1564 2467 1569 2467 1748 2441 1879 2441 1921 2483 1947 2504 1947 2509 1953 2509 1958 2509 1963 2509 1968 2509 2016 2483 2047 2467 2073 2483 2110 2514 2115 2514 2121 2514 2420 2525 2425 2525 2431 2525 2436 2525 2467 2499 2546 2525 2551 2525 2557 2525 2562 2525 2614 2499 2788 2535 2793 2535 2798 2535 2803 2535 2877 2488 2887 2483 2893 2488 2987 2546 2992 2546 2998 2546 3129 2551 3134 2551 3139 2551 3145 2551 3213 2493 3281 2493 3286 2467 3286 2373 1134 2299 1134 2394"/></Shape>
	    <String CONTENT="firent une contre embuſche / la ou Il en fut"
                    HPOS="1128"
                    VPOS="2299"
                    WIDTH="2158"
                    HEIGHT="252"></String>
          </TextLine>

          
          
          <TextLine ID="eSc_line_31ef92de"
                    TAGREFS="LT603"
                    BASELINE="1144 2562 3397 2635" 
                    HPOS="1134"
                    VPOS="2430"
                    WIDTH="2257"
                    HEIGHT="279">
            <Shape><Polygon POINTS="1139 2562 1134 2640 1207 2646 1212 2646 1218 2646 1223 2646 1307 2588 1543 2625 1548 2625 1554 2625 1648 2598 1800 2646 1806 2646 1811 2646 2052 2619 2189 2677 2194 2677 2200 2677 2205 2682 2278 2682 2278 2677 2284 2677 2289 2677 2352 2625 2672 2625 2767 2693 2772 2693 2777 2693 2782 2693 2803 2693 3034 2677 3381 2709 3391 2630 3386 2493 3055 2525 2992 2483 2987 2483 2982 2483 2977 2483 2971 2483 2966 2483 2872 2520 2751 2483 2709 2467 2704 2467 2698 2467 2588 2478 2357 2504 2305 2472 2299 2472 2294 2472 2289 2472 2268 2472 2068 2493 2037 2467 2021 2457 2021 2451 2016 2451 2010 2451 2005 2451 2000 2451 1995 2451 1979 2467 1947 2488 1806 2488 1779 2467 1753 2441 1748 2441 1743 2441 1737 2441 1732 2441 1727 2441 1695 2462 1664 2483 1575 2483 1543 2462 1501 2430 1496 2430 1491 2430 1485 2430 1139 2451 1139 2562"/></Shape>
	    <String CONTENT="tue une vintaine / et une quarenteine de priſonniers ; Jay"
                    HPOS="1134"
                    VPOS="2430"
                    WIDTH="2257"
                    HEIGHT="279"></String>
          </TextLine>

          
          
          <TextLine ID="eSc_line_5845d383"
                    TAGREFS="LT603"
                    BASELINE="1155 2730 3370 2798" 
                    HPOS="1149"
                    VPOS="2583"
                    WIDTH="2216"
                    HEIGHT="304">
            <Shape><Polygon POINTS="1149 2730 1149 2787 1223 2756 1506 2756 1538 2787 1543 2787 1548 2787 1554 2787 1695 2766 1832 2793 1947 2819 1953 2819 1958 2819 2000 2798 2005 2793 2010 2798 2089 2856 2094 2856 2100 2856 2105 2856 2278 2824 2436 2866 2441 2866 2446 2866 2614 2835 2677 2861 2683 2861 2688 2861 2693 2861 2798 2803 2803 2798 2814 2803 2924 2877 2929 2877 2935 2877 3181 2887 3187 2887 3192 2887 3360 2808 3365 2793 3365 2693 3292 2651 3286 2651 3281 2651 3276 2651 3271 2651 3118 2698 3092 2703 2746 2698 2730 2688 2609 2625 2604 2625 2599 2625 2593 2625 2588 2625 2515 2682 2504 2688 2394 2688 2389 2677 2357 2651 2357 2646 2352 2646 2347 2646 2341 2646 2336 2646 2331 2646 2289 2677 2278 2682 2100 2682 2089 2672 2063 2651 2058 2651 2052 2651 2047 2651 1874 2651 1795 2598 1790 2598 1785 2598 1333 2583 1239 2583 1233 2583 1228 2583 1223 2583 1149 2630 1149 2730"/></Shape>
	    <String CONTENT="mande audict darques quil neſt pas temps eſtre"
                    HPOS="1149"
                    VPOS="2583"
                    WIDTH="2216"
                    HEIGHT="304"></String>
          </TextLine>

          
          
          <TextLine ID="eSc_line_7bc4d93d"
                    TAGREFS="LT603"
                    BASELINE="1128 2877 2163 2940 3328 2961" 
                    HPOS="1118"
                    VPOS="2756"
                    WIDTH="2205"
                    HEIGHT="294">
            <Shape><Polygon POINTS="1123 2877 1118 2976 1202 2992 1207 2992 1212 2992 1218 2992 1218 2987 1228 2982 1281 2934 1569 2940 1606 2987 1627 3003 1627 3008 1632 3008 1638 3008 1811 3013 1816 3013 1821 3013 1869 2987 1890 2982 1895 2987 1921 3013 1921 3018 1926 3018 1932 3018 1937 3018 2121 2997 2215 3029 2221 3029 2226 3029 2231 3029 2236 3029 2273 2997 2362 3034 2368 3034 2373 3034 2378 3034 2383 3034 2441 2992 2452 2987 2462 2997 2520 3024 2525 3024 2530 3024 2536 3024 2635 2997 2746 3050 2751 3050 2756 3050 2761 3050 2950 3003 2971 2997 3313 3003 3323 2961 3313 2882 3061 2887 3034 2861 3024 2856 3024 2850 3019 2850 3013 2850 2861 2840 2856 2840 2793 2850 2662 2871 2620 2840 2614 2835 2609 2835 2604 2835 2599 2835 2593 2835 2583 2835 2488 2866 2462 2829 2457 2824 2452 2824 2452 2819 2446 2819 2441 2819 2436 2819 2431 2819 2410 2829 2341 2856 2310 2829 2305 2829 2299 2829 2294 2829 2105 2850 2037 2808 2016 2787 2010 2787 2005 2787 2000 2787 1800 2793 1711 2798 1706 2798 1617 2835 1548 2803 1543 2803 1538 2803 1443 2819 1375 2766 1370 2766 1365 2766 1123 2756 1123 2877"/></Shape>
	    <String CONTENT="foible et noiſif / Je gerte Cinq Cens hommes pour"
                    HPOS="1118"
                    VPOS="2756"
                    WIDTH="2205"
                    HEIGHT="294"></String>
          </TextLine>

          
          
          <TextLine ID="eSc_line_91f43cce"
                    TAGREFS="LT603"
                    BASELINE="1139 3055 2940 3129 3355 3118" 
                    HPOS="1128"
                    VPOS="2929"
                    WIDTH="2221"
                    HEIGHT="284">
            <Shape><Polygon POINTS="1134 3050 1128 3092 1281 3139 1286 3139 1291 3144 1396 3144 1396 3139 1401 3139 1407 3139 1407 3134 1443 3108 1454 3097 1716 3097 1758 3118 1774 3129 1779 3129 1785 3129 1790 3129 1874 3118 1911 3118 1921 3123 2016 3171 2021 3171 2026 3171 2242 3134 2305 3123 2378 3139 2483 3160 2488 3160 2599 3144 2667 3139 2693 3150 2814 3202 2819 3202 3082 3213 3087 3213 3344 3171 3349 3113 3334 3008 3223 3045 3050 3003 2992 2992 2987 2992 2982 2992 2961 3003 2887 3045 2772 3045 2567 2997 2410 2966 2404 2966 2399 2966 2394 2966 2362 2997 2336 3018 2289 2997 2247 2976 2242 2976 2236 2976 2231 2976 2200 2992 2158 3013 1769 3008 1680 3003 1669 2987 1622 2940 1622 2934 1617 2934 1611 2934 1496 2929 1491 2929 1485 2929 1480 2929 1396 2982 1176 2955 1170 2955 1165 2955 1160 2955 1134 2966 1134 3050"/></Shape>
	    <String CONTENT="Le guet de narbonne Et le demeurant eſpandu"
                    HPOS="1128"
                    VPOS="2929"
                    WIDTH="2221"
                    HEIGHT="284"></String>
          </TextLine>

          
          
          <TextLine ID="eSc_line_f214df88"
                    TAGREFS="LT603"
                    BASELINE="1155 3218 2625 3286 3292 3281" 
                    HPOS="1144"
                    VPOS="3092"
                    WIDTH="2142"
                    HEIGHT="283">
            <Shape><Polygon POINTS="1149 3213 1144 3297 1212 3302 1218 3302 1223 3302 1228 3302 1228 3297 1291 3239 1438 3249 1496 3302 1501 3307 1506 3307 1512 3307 1517 3307 1554 3302 1706 3265 1916 3276 1953 3302 2000 3333 2005 3333 2010 3333 2016 3333 2021 3333 2137 3302 2242 3276 2315 3302 2431 3349 2436 3349 2588 3354 2593 3354 2599 3354 2693 3307 2719 3291 2761 3307 2835 3328 2840 3328 2845 3328 2950 3307 2956 3307 3139 3375 3145 3375 3150 3375 3155 3375 3281 3307 3286 3276 3276 3176 3155 3197 3061 3171 3055 3171 3050 3171 3045 3171 3040 3171 3040 3176 2998 3207 2693 3197 2620 3150 2588 3129 2583 3129 2578 3129 2572 3129 2567 3129 2520 3150 2431 3186 2305 3186 2168 3176 2121 3134 2110 3123 2105 3123 2100 3123 2094 3123 2052 3134 1911 3165 1806 3123 1743 3097 1737 3097 1527 3092 1522 3092 1517 3092 1480 3113 1417 3144 1149 3102 1149 3213"/></Shape>
	    <String CONTENT="par la frontiere / Que ne ẜa que ung"
                    HPOS="1144"
                    VPOS="3092"
                    WIDTH="2142"
                    HEIGHT="283"></String>
          </TextLine>

          
          
          <TextLine ID="eSc_line_a2d4cd79"
                    TAGREFS="LT603"
                    BASELINE="1165 3386 1790 3396 2861 3459 3307 3438" 
                    HPOS="1155"
                    VPOS="3249"
                    WIDTH="2147"
                    HEIGHT="273">
            <Shape><Polygon POINTS="1160 3381 1155 3407 1191 3444 1191 3449 1197 3449 1202 3449 1207 3449 1443 3412 1506 3454 1512 3454 1517 3454 1522 3454 1638 3444 1674 3470 1680 3470 1685 3470 1690 3470 1695 3470 1821 3428 1932 3470 1937 3470 1942 3470 1947 3470 2047 3444 2094 3480 2094 3486 2100 3486 2105 3486 2110 3486 2462 3454 2488 3454 2494 3454 2588 3507 2593 3507 2809 3512 2814 3512 2819 3512 2824 3512 2872 3475 2877 3470 2893 3475 3045 3522 3050 3522 3055 3522 3061 3522 3150 3486 3171 3480 3292 3491 3302 3433 3292 3344 2914 3360 2887 3333 2851 3297 2851 3291 2845 3291 2840 3291 2651 3286 2646 3286 2641 3286 2635 3286 2588 3328 2562 3349 2473 3349 2431 3323 2357 3276 2352 3276 2347 3276 2147 3265 2142 3265 2137 3265 2042 3312 2021 3328 1932 3328 1900 3312 1758 3249 1753 3249 1748 3249 1743 3249 1737 3249 1664 3307 1653 3312 1638 3307 1527 3260 1522 3260 1517 3260 1512 3260 1506 3260 1449 3302 1365 3260 1359 3260 1354 3260 1160 3291 1160 3381"/></Shape>
	    <String CONTENT=""
                    HPOS="1155"
                    VPOS="3249"
                    WIDTH="2147"
                    HEIGHT="273"></String>
          </TextLine>

          
          
          <TextLine ID="eSc_line_7051625a"
                    TAGREFS="LT603"
                    BASELINE="1160 3559 3307 3638" 
                    HPOS="1149"
                    VPOS="3407"
                    WIDTH="2153"
                    HEIGHT="320">
            <Shape><Polygon POINTS="1149 3606 1716 3606 1795 3638 1874 3675 1879 3675 1884 3675 1890 3675 1942 3648 1995 3617 2042 3654 2073 3680 2079 3680 2084 3680 2299 3690 2305 3690 2310 3690 2315 3690 2336 3669 2357 3654 2394 3675 2410 3680 2415 3680 2420 3680 2425 3680 2441 3675 2578 3638 2688 3690 2725 3706 2730 3706 2735 3706 2809 3696 3076 3659 3145 3717 3150 3722 3155 3722 3160 3722 3166 3727 3292 3727 3302 3633 3297 3501 3076 3543 2924 3480 2887 3470 2882 3470 2877 3470 2872 3470 2851 3480 2746 3533 2656 3528 2599 3470 2593 3465 2593 3459 2588 3459 2583 3459 2452 3454 2305 3454 2299 3454 2294 3454 2289 3454 2179 3512 1963 3507 1890 3459 1884 3459 1879 3459 1874 3459 1869 3459 1863 3459 1816 3496 1470 3459 1464 3459 1333 3480 1160 3407 1155 3554 1149 3606"/></Shape>
	    <String CONTENT="dernieres lres que lon meſcript dela frontiere / Jay"
                    HPOS="1149"
                    VPOS="3407"
                    WIDTH="2153"
                    HEIGHT="320"></String>
          </TextLine>

          
          
          <TextLine ID="eSc_line_4616647a"
                    TAGREFS="LT603"
                    BASELINE="1081 3743 2824 3801 3475 3790" 
                    HPOS="1071"
                    VPOS="3638"
                    WIDTH="2399"
                    HEIGHT="268">
            <Shape><Polygon POINTS="1076 3738 1071 3780 1391 3780 1417 3785 1512 3811 1517 3811 1522 3811 1716 3790 1764 3790 1790 3795 1905 3827 1911 3827 1916 3827 1921 3827 2000 3801 2005 3801 2152 3848 2158 3848 2163 3848 2168 3848 2310 3811 2399 3874 2404 3874 2410 3874 2415 3874 2420 3874 2425 3874 2478 3837 2546 3885 2551 3885 2557 3885 2562 3885 2567 3885 2572 3885 2683 3822 2746 3885 2746 3890 2751 3890 2756 3890 3103 3900 3108 3906 3260 3906 3260 3900 3265 3900 3271 3900 3355 3837 3465 3837 3470 3785 3460 3711 2961 3711 2898 3696 2830 3675 2824 3675 2819 3675 2814 3675 2767 3690 2730 3706 2656 3690 2546 3664 2541 3664 2326 3680 2200 3690 2152 3675 2073 3654 2068 3654 2063 3654 2058 3654 2052 3654 2052 3659 2031 3675 2021 3685 1832 3685 1821 3669 1806 3648 1800 3648 1800 3643 1795 3643 1790 3643 1785 3643 1622 3664 1611 3664 1606 3664 1543 3638 1538 3638 1533 3638 1527 3638 1475 3659 1454 3669 1076 3654 1076 3738"/></Shape>
	    <String CONTENT=""
                    HPOS="1071"
                    VPOS="3638"
                    WIDTH="2399"
                    HEIGHT="268"></String>
          </TextLine>

          
          
          <TextLine ID="eSc_line_a1f3baab"
                    TAGREFS="LT603"
                    BASELINE="1186 3942 1921 3942 3407 4005" 
                    HPOS="1170"
                    VPOS="3780"
                    WIDTH="2232"
                    HEIGHT="299">
            <Shape><Polygon POINTS="1181 3937 1170 4016 1401 4026 1407 4026 1412 4026 1428 4021 1543 3963 1590 3995 1596 3995 1601 3995 1606 3995 1779 3974 1827 4021 1848 4037 1848 4042 1853 4042 1858 4042 1863 4042 2021 4026 2026 4026 2031 4026 2037 4021 2094 3984 2305 4000 2326 4021 2347 4042 2347 4047 2352 4047 2357 4047 2362 4053 2362 4047 2368 4047 2373 4047 2373 4042 2394 4026 2404 4016 2415 4026 2452 4053 2457 4053 2462 4053 2467 4053 2473 4053 2562 4026 2620 4005 2667 4026 2782 4074 2788 4074 2961 4079 2966 4079 2971 4079 2977 4079 3050 4026 3061 4021 3192 4021 3197 4026 3244 4063 3250 4063 3255 4063 3260 4063 3265 4063 3397 4026 3402 4000 3397 3885 3187 3900 3139 3869 3129 3864 3124 3864 3118 3864 3113 3864 3108 3864 3087 3869 2992 3895 2908 3864 2903 3864 2898 3864 2893 3864 2793 3890 2725 3853 2662 3822 2656 3822 2651 3822 2646 3822 2588 3848 2567 3858 2546 3848 2488 3811 2483 3811 2478 3811 2473 3811 2467 3811 2410 3843 2341 3874 2305 3837 2278 3811 2278 3806 2273 3806 2268 3806 2263 3806 2257 3806 2210 3832 2158 3864 2110 3827 2079 3801 2073 3801 2068 3801 2063 3801 1921 3822 1890 3822 1853 3816 1695 3785 1690 3785 1685 3785 1680 3785 1648 3806 1632 3816 1611 3806 1548 3780 1543 3780 1538 3780 1533 3780 1485 3801 1401 3843 1181 3790 1181 3937"/></Shape>
	    <String CONTENT="chose / vous adviſerez a tout / car de moy vous ne"
                    HPOS="1170"
                    VPOS="3780"
                    WIDTH="2232"
                    HEIGHT="299"></String>
          </TextLine>

          
          
          <TextLine ID="eSc_line_96fd9468"
                    TAGREFS="LT603"
                    BASELINE="1165 4095 3386 4137" 
                    HPOS="1155"
                    VPOS="3990"
                    WIDTH="2226"
                    HEIGHT="204">
            <Shape><Polygon POINTS="1160 4095 1155 4158 1260 4163 1265 4163 1270 4163 1275 4163 1312 4131 1554 4163 1611 4168 1617 4168 1622 4168 1632 4163 1701 4131 1779 4163 1800 4173 1806 4173 1811 4179 1905 4179 1905 4173 1911 4173 1916 4173 1916 4168 1921 4168 1953 4137 2079 4137 2105 4168 2115 4173 2115 4179 2121 4179 2126 4179 2131 4184 2131 4179 2137 4179 2142 4179 2142 4173 2152 4168 2179 4142 2257 4142 2299 4168 2315 4184 2320 4184 2326 4184 2331 4184 2399 4168 2488 4147 2583 4168 2599 4173 2604 4173 2609 4173 2662 4173 2819 4158 2856 4173 2908 4194 2914 4194 2919 4194 3376 4173 3381 4137 3365 4016 3255 4053 3202 4016 3197 4016 3192 4016 3187 4016 3176 4016 2835 4047 2751 4016 2730 4005 2725 4005 2546 4000 2541 4000 2415 4016 2263 4032 2231 4016 2210 3995 2205 3995 2200 3995 2194 3995 2189 3995 2137 4016 2079 4032 2021 4016 1979 4000 1974 4000 1968 4000 1879 4016 1800 4026 1779 4016 1753 3990 1748 3990 1743 3990 1737 3990 1732 3990 1648 4016 1622 4021 1606 4016 1569 3995 1564 3995 1559 3995 1160 4011 1160 4095"/></Shape>
	    <String CONTENT=""
                    HPOS="1155"
                    VPOS="3990"
                    WIDTH="2226"
                    HEIGHT="204"></String>
          </TextLine>

          
          
          <TextLine ID="eSc_line_dfbf87c7"
                    TAGREFS="LT603"
                    BASELINE="1176 4257 3391 4299" 
                    HPOS="1165"
                    VPOS="4110"
                    WIDTH="2221"
                    HEIGHT="263">
            <Shape><Polygon POINTS="1170 4252 1165 4284 1239 4320 1244 4320 1249 4320 1422 4289 1501 4347 1506 4347 1512 4347 1517 4347 1648 4320 1727 4341 1732 4341 1737 4341 1743 4341 1748 4341 1811 4305 1858 4347 1858 4352 1863 4352 1869 4352 1874 4352 2089 4305 2226 4357 2231 4357 2236 4357 2242 4357 2247 4357 2247 4352 2284 4315 2399 4310 2614 4368 2620 4368 2625 4368 2756 4347 2824 4373 2830 4373 2835 4373 3381 4320 3386 4294 3386 4215 2704 4179 2698 4179 2693 4179 2630 4200 2625 4200 2567 4158 2562 4158 2557 4158 2551 4158 2546 4158 2441 4194 2289 4126 2284 4126 1926 4121 1921 4121 1916 4121 1911 4121 1911 4126 1858 4179 1617 4179 1506 4116 1501 4116 1496 4116 1296 4110 1291 4110 1286 4110 1170 4168 1170 4252"/></Shape>
	    <String CONTENT="moien de quelque peu de santé je nay eſpargne"
                    HPOS="1165"
                    VPOS="4110"
                    WIDTH="2221"
                    HEIGHT="263"></String>
          </TextLine>

          
          
          <TextLine ID="eSc_line_5633920f"
                    TAGREFS="LT603"
                    BASELINE="1155 4420 3454 4431" 
                    HPOS="1144"
                    VPOS="4294"
                    WIDTH="2305"
                    HEIGHT="326">
            <Shape><Polygon POINTS="1149 4415 1144 4520 1459 4567 1464 4567 1470 4567 1475 4567 1517 4536 1580 4494 1653 4494 1774 4546 1911 4609 1916 4609 1921 4614 2231 4614 2231 4609 2236 4609 2242 4609 2289 4567 2368 4504 2672 4494 2819 4583 2824 4583 2830 4583 2835 4583 2840 4583 2845 4583 2950 4499 3103 4499 3265 4609 3271 4614 3276 4614 3281 4614 3286 4620 3444 4620 3449 4431 3449 4305 3076 4305 3071 4305 3066 4305 3061 4305 3061 4310 3013 4357 2814 4357 2772 4315 2772 4310 2767 4310 2761 4310 2756 4310 2751 4310 2746 4310 2746 4315 2683 4352 2488 4352 2457 4320 2446 4310 2446 4305 2441 4305 2436 4305 2431 4305 2425 4305 2394 4320 2331 4347 2168 4320 2137 4320 2131 4320 2100 4326 1953 4347 1916 4326 1863 4294 1858 4294 1853 4294 1848 4294 1680 4331 1617 4347 1475 4347 1459 4336 1380 4294 1375 4294 1370 4294 1365 4294 1270 4336 1260 4341 1149 4341 1149 4415"/></Shape>
	    <String CONTENT="ꝑſonne ny viens / mais mainctenant Jay peus beſoing"
                    HPOS="1144"
                    VPOS="4294"
                    WIDTH="2305"
                    HEIGHT="326"></String>
          </TextLine>

          
        </TextBlock>
        
        <TextBlock HPOS="3754"
                   VPOS="546"
                   WIDTH="162"
                   HEIGHT="99"
                   ID="eSc_textblock_96c2036e"
                   TAGREFS="BT1775">
          <Shape><Polygon POINTS="3916 546 3916 603 3775 645 3754 546"/></Shape>
          
          
          <TextLine ID="eSc_line_4c1d2fdd"
                    TAGREFS="LT603"
                    BASELINE="3776 589 3799 589 3886 583" 
                    HPOS="3769"
                    VPOS="551"
                    WIDTH="116"
                    HEIGHT="110">
            <Shape><Polygon POINTS="3874 551 3822 551 3769 551 3775 588 3775 661 3885 645 3885 582 3880 551 3874 551"/></Shape>
	    <String CONTENT="137"
                    HPOS="3769"
                    VPOS="551"
                    WIDTH="116"
                    HEIGHT="110"></String>
          </TextLine>

          
        </TextBlock>
        

        
      </PrintSpace>
    </Page>
  </Layout>
</alto>
