4278 6300
819 824 2654 299 Monẜ^r hier les gens de tous eſtatz de languedhoc aſſamblez en ceſte

746 1008 2701 278 ville de montpl^r octroyarent liberalement la ſomme quil avoyt pleu

756 1186 2744 289 au Roy leur fe demander / Il y a eu pluſieurs menees comme ſcaures amplemet

1045 1338 2197 289 par vre maiſtre dhoſtel lamerye a ſon Retour et que Jespere vous dire ./

1014 1522 2402 257 Depuis que dernierement vous ay eſcript Jay ſceu pour certain que le cardinal

1003 1685 2413 241 de saincte croix eſtoit encores Il ny a que cinq Jours a palenirs actendant ꝙ

1003 1874 2423 231 andre dorye ſapronche pour favoriſer son paſſaige car Il crainct

982 2021 2386 236 merveilleuſement nre armee de mer et de perdre ſa perſonne et

1003 2199 2355 216 dez autres qui doibvent aller avecques luy enſemble . les deux cens mille

1003 2341 2344 242 doubles Ducatz quil a ./ Il avoit demeure quatre ou cinq Jours ſur

977 2514 2486 252 mer ſefforſſant touſiours paſſer / mais pour lhorrible temps quil

993 2677 2428 252 y a faict a eſte contrainct Reprendre terre ./ Il vint ces Jours paſſez

977 2840 2418 247 Juſquee au cap decanet près Loitalte en habit diſſimule cuidant

1019 2992 2376 268 paſſer a la deſrobee avecq deux fragattez / car Il eſt demy deſeſpere

977 3165 2386 268 ne pouvant fe ſon voyage ./ mais eſtant averti que ce petit

1035 3333 2349 263 equipaige que Je tiens au long de nre couſte eſtoit on guet /

972 3507 2249 241 ne ſe ouſa avanturer mais Recula  aud palenirs de quoy

982 3680 2402 268 Jay <> adverti monẜ^r de barbeſieux et le lieuten en provence

898 3848 2470 289 les advertiſſements que Jay de tous couſtes ſe conforment que

1009 4047 2333 221 Lempere^r dreſſe gros nombre degens pour envoyer en Italye comme

961 4200 2402 273 Ils diſent et aussi doibt Renforcer ſez frontieres tant de guienne que

1003 4336 2449 273 de Rossillon / mais de mon couſte encores Rien ne marche . Et me ſemble

2244 4478 410 152 en ceſte frontiere

988 4483 2475 326 mal aiſe quilz puiſſent fe ny par mer ny par terre detres trois

988 4667 2354 404 mois prochains / Parquoy enſuyvant le conge quil a pleu au Roy

3515 981 447 294 famille

3389 1359 536 184 153 161 163

3505 1517 462 226 7189 197

3705 446 210 178 101
