4277 6297
3746 482 163 210 193

949 603 2766 278 Monſ^r Jay Receu une lectre que vous a pleu meſcripre de chantilly le xxvii^me de no^bre

1023 813 2692 236 Laquelle ma envoye monſ^r le general de Languedhoc eſtant a carcassonne enſemble la

1033 981 2750 246 facon quavoyt eſte tenue en laſſamblee dez gentilzhommes en la prevoſte et viconte de

1033 1128 2766 262 paris / Et deſia avoyt huict Jours que Je vous avoys depeſche la poſte de meſmes

1044 1296 2802 257 advertiſſant le Roy ⁊ vous de loctroy quavoyt faict la nobleſſe de la ſeneſchaucee de

1023 1495 2750 226 beaucaire ou avoyt pleu aud ſr ordonner monſr de cruſſel et moy Et depuis

1028 1658 2787 283 encores vous en ay Redepeſche affin que ne failliſſes a avoir lung pacquet ou

939 1973 2844 299 Monſr vous aures peu entendre La facon de nre excequ^on pour promptemt

1018 2146 2833 273 Recouvrer  Les deniers dud octroy Et comme Les gentilzhommes tous enſemble

1023 2319 2765 273 ont Requis led ſr de cruſſol et moy comme commiſſaires depeſcher lres

1023 2508 2771 267 excequtoires contre ceulx qui ſeroyent Reffuſans payer leur part dud octroy

1028 2691 2655 221 a ceulx qui ont eſte depputez a le recevoir / ce que leur accordaſmes

1018 2817 2713 258 et feiſmes Et eſpere que au terme quilz ont prins queſt la fin de fevrier

1002 3001 2692 247 Le Roy aura quelque part quil ſoit leſd deniers / Ilz ont eſleu entre

1012 3153 2803 231 autres pour pourter led argent au Roy mez nepveuz de gounaulx et de lers

997 3311 2802 246 Leſquelz y font Juceſſamment diligence / Je croy que autant en font ceulx

986 3500 2792 236 de carcaſſonne et thle comme aures peu eſtre adverti par led ſr general

1007 3652 2792 257 Il me deplaiſroyt treſfort que ceulx de vre gouvernement euſſent

997 3830 2839 273 faict les Retiſz ny alle autrement que ſelon Linten^on de leur ſouverain

823 4040 3002 257 Monſr Jay entendu comme Le Roy ſen vient a lyon queſt approuchant

1002 4203 2755 267 vred gouvernement / Je vous ſupplie ſi ſa delibera^on eſt venir ꝑ

991 4423 2729 231 deca en advertir de bonne heure afin que lon pourvoye aux choſes

970 4591 2656 257 que y ſeront neceſſaires comme pluſieurs foiz vous en ay deſia

981 4759 2650 241 eſcript Aussi Je delibere aller trouver Le Roy ⁊ vous aud lyon

976 4922 2833 267 Et actendant de voz nouvelles apres avoir faict Le Jour de nre
