4279 6302
1377 656 2612 289 avecq monſ^r Le Legat men Iray fe ung tour Juſques a narbonne et nre

1361 808 2670 300 frontiere pour pourveoir aux choses que y verray eſtre necceſiſiaires / monſr

1335 950 2696 305 Le Legat et moy avons eſte huict ou dix Jours a la campaigne que na pas

1319 1265 1214 294 a chantilly avecqs tout nre equipaige ./

1209 1491 2754 284 Monſr a ceſtheure que nous avons La paix Je veux bien ſupplier Le Roy quil

1261 1691 2713 257 me face compaignon  <> ma tanlt / bernenſue et autres ſez faulconniers

3474 1859 132 136 bons

1272 2069 2738 262 Je vous promectz bien ma foy que mond ſr Le Legat est  bien deplaiſir

1287 2394 2713 273 eſtoit vouhe de long temps / Je me veulx Recommander touſiours bien

1256 2541 1929 294 fort a vre bonne grace priat nre ſr vous donner

1119 2736 2849 425 Monſ^r bonne ⁊ longue vye davignon le xxi de decembre

2665 3366 1319 241 Vre ſervit^r ⁊ vre

2633 3555 1335 557 couſin Ꝑ^e  clermont
