4277 6298
1350 934 2622 194 envoyarent devers Luy pourchaſſer La repara^on deſd villes / mais Il leur feiſt

1355 1060 2596 246 Reſponſe quilz Lont ſi mal contante aux eſtatz quil ne luy en ſoucye quant Ilz ſe

1360 1233 2559 215 perdioyent / Led perſonaige maſſeure que apres avoir led empere^r paye tous les

1360 1375 2606 225 fraiz ⁊ deſpences qui luy a convenu fe^r auſd eſtatz ./ les deniers que luy demeurent

1329 1522 2580 230 de ce que luy a eſté accorde / neſt pas grand chose / Vous ſcaves monẜr Le

1334 1695 2548 210 ſervice dud perſonnaige et eſt beſoing que pour l’entretenir ⁊ contanter le Roy Luy

1324 1831 2611 226 eſcripve une lrẽ en la forme que Je vous envoye . / cela ne couſtera Rien et

1308 1978 2522 247 ſervira de beaucoup / Led homme dit eſtre passe ꝑ collieure et y avoir ouy

1313 2130 2611 252 dire quil y devoyt arriver deux galeres decelles de barcellonne ⁊ que ung bregantin

1282 2309 2553 246 Les remorquoyt / Je ne le puis aſſurer eſtre vray mais par le premier vous

1324 2487 2501 226 manderay ce que en sera / En oultre Jay ſceu par leſd. deux eſpies comme puis

1308 2634 2532 221 huict Jours Lon a tenu a parpinian et autres deux ou trois petites villes les portes

1245 2786 2606 231 fermees / et faict groſſe diligence de prendre tous les francois gens de travail

1287 2933 2569 268 ou aultres vaccabons de leur pais quilz ont peu trouver po^r mectre eſd. galeres

1297 3107 2465 241 Ilz font bruict par dela que le nepveu de andre dorye au Retour de la court

1276 3253 2522 268 de lempere^r doibt prendre xii galeres dix barcellonne Et que a ceſte cauſe

1292 3411 2564 262 Il y a ordinere^t trois ou quatre cens hommes qui Inceſſamment et a toute diligence

1271 3584 2632 284 y beſoignent Touteſfs Il eſt mal aiſe comme vous ay mande quilz ſe puiſſent

1150 3763 1718 204 aider de ceſt yver de toutes leſd. xii galeres.

1213 3883 2732 226 Monẜr je prie dieu vous donner bonne vye longue De narbonne le v^iiie de ſeptembre

940 4833 998 200 ce fe de ſe couſte

824 4922 1729 210 Auſſy puis huit ſoirs eſt paſſe ung

2642 4739 1277 315 Vre ſerviteur ⁊ cousin

809 5048 1718 168 <> A ma dame de ſavoye ſen allant

2642 4907 1246 346 P^e clermont
