4275 6300
1328 855 2553 226 Monẜr apres avoir tenu les eſtatz a montpl^r men ſuis venu en ceſte ville

1323 987 2573 236 de narbonne et au long de nre frontiere ou Je nay trouve les choſes en

1328 1118 2537 247 trop maulvais eſtat / Reserve ſi groſſe pouvrete entre ces adventuriers quil

1339 1275 2557 263 eſt Impossible de plus car Ilz ſont dans le huictieſme mois qui leur

1339 1470 2494 194 eſt deu et encores neſt novelles de merlin / Il vous plaira pencer

1333 1596 2616 278 la peine ⁊ faſcherie ou J’en ſuis et y fe̾ pourveoir / Le ẜ^r xpõfle

1260 1764 2610 246 vre maiſtre dhoſtel eſt avecques vre compaignie dont Il peult

1354 1926 2479 252 dez ceſtheure avoir faict la monſtre Et croy quil ny a genſdarmes

1354 2105 2542 231 en france qui nayent en argent ſinon ceulx dont le Roy ma donner

1339 2262 2573 247 la charge car Il neſt novelles du clerc qui en devoit fe̾ le payement

1339 2420 2526 231 ſinon que ung Jehan dez champs commis du treſorier dez guerres a fe̾ led

1312 2588 2516 241 payement ſen eſt alle en bretaigne parti davignon puys vingt Jours

1291 3092 2590 252 les autres / Je ne ſcay comme lon peine que gens ſans payement

1286 3265 2526 263 puiſſent vivre et tenir les ordonnances du Roy dont ſi ſouvent

1244 3423 2568 257 maves eſcript / leſquelles Juſques appreſent leur ay faict garder en

1276 3580 2463 268 ſorte que men eſt venu milles plainttez amoy ⁊ Je vous ſuplie

1234 3743 2531 273 monẜr de rechief y adviſer / car Je n’aurai Jamais aiſe que Je

1239 3906 2558 236 ne vous aye dit de bouche et donne entendre au Roy le tout pour

1239 4058 2568 252 Le bien de ſon pais et ma deſcharge / Ce pendent Je feray le mieulx

1249 4221 2490 262 que Je pourray comme celuy a qui lon continue bien eſtre contrainct fe̾

1223 4362 914 242 de necceſſite vertu

1108 4541 2594 236 Monẜ^r Je prie nre ẜ^r vous donner bonne vye longue De

1234 4667 1344 289 narbonne le <> vme de ſeptembre

2116 4845 1723 310 Vre ẜvite^r ⁊ couſin

2415 5076 1403 289 Ꝑ^e Clermont
