4272 6296
3395 487 110 205 61

839 671 2624 247 la lectre que le Roy ma eſcript de labbaye de ſaint ylaire po^r monẜr davyane et

850 844 2613 210 pareillement veu ce que men mandes et aultre ce que le moyne vault que lon luy

839 954 2719 299 face plaiſir Il y ſera faict ſuyvant vre mandement tout ce que ſera poſſible

850 1143 2765 242 et nay failly Incontinent envoyer expreſſement ung gentilhomme devers les religieux

818 1316 1617 210 delad abbayes pour excequter lintencion du Roy /

797 1432 2672 257 Jay entendu que lampere faict beaucoup dautres gros partiz a andré dorye Juſques

3589 1358 315 305 Dorie

850 1589 2634 268 a luy bailler gayette pour ſa ſeurté et pareillement au conte philippin Et luy

850 1894 2676 309 ung eſcheq a ſez galeres Dud droye queſt la teſte de larmee de mer de lempere^r

808 2061 2697 279 vous avoyes bon marche du demourant / Il me ſemble que vre force de

802 2266 2530 247 mer pourra eſtre preſte beaucoup pluſtoſt que celle dez ennemys /

823 2408 2693 288 Ilz ont eu novelles A perpinyen puis deux Jours que le prince dorenge eſt

850 2602 2078 236 mort ⁊ grand quantité de leurs gens dans naples de peſte

771 2749 2734 288 Monẜ^r don philippes de ſcruillon mon priſonnier ma faict oeuffre quil

3594 2733 336 299 Camille

860 2932 2651 273 eſpere de trouver facon que ſi lempere^r tient quelque mien amy quil

855 3100 2671 294 le fera relaxer po^r luy Et que pour les ſervices quil a faict a ſon maiſtre

850 3478 2655 257 le pouvre viel premier panettier qui a eſte mon pere en faulconnerye qui eſt

865 3646 2703 220 en eſpaigne captif encores quil ne ſoit priſonier de bonne guerre comme

850 3814 2708 220 le myen et quil eſt vre allyé quil ſeroyt bon de le recouvrer vous men

850 3955 2729 242 manderes vre fantaſie Et ſoyes ſeur que Je ne le mertray a Rancon ſans

892 4123 2844 231 commandement du Roy ou vre. / Je vous depeſcheray dans trois Jours la

750 4491 2839 236 voz afferez dela / et en quel eſtat eſt ceſte armee que ſi dreſſe .Et ꝑ

839 4627 2693 262 pmy manderay aceulx qui ony la charge comme je men voys Juſques

902 4805 2698 268 a aigueſmortes et quilz me mandent ce queſt necce pour le ſervice du

892 4973 2629 315 Roy / car encores quilz ne men ayent rien eſcript ſil ne laiſray

3831 482 73 121 81
