4272 6297
881 755 2656 163 Monẜ^r Je receuz le x. de ce mois une vre lettre du paſſe Et

997 850 2508 204 par Icelle veu loccaſion parquoy navoit encores eſte depeſche merlin Et croy que dez

1028 965 2514 205 ceſtheure aures Receu deux pacquetz que vous ay envoye de montpl^r tant de la concluſion dez

1023 1096 2467 210 eſtatz ꝙ autres choſes / Ung Autre dernierement de narbonne du v^me de ce mois ꝑ

991 1217 2530 231 Lequel Je vous advertiſoys de ꝑtie dela pouvrete ⁊ neceſſite en quoy Javas Trouve

997 1343 2503 241 noz adventuriers queſt ſi treſgrande que lon ſcauroit dire . / Et depuis Jay eſte berce les

923 1631 2551 216 trois compaignons en chune̾ ./ car tous les autres ſen eſtoyent venuz a narbonne afacilite

981 1742 2566 262 davoir plus moyen de vivre ceſd. places Et encores ceulx que Je y ay trouve ny euſſet

976 1899 2493 241 guieres plus endure car comme vous ay eſcript depuis huict mois que ſont deuz auſd

1007 2036 2451 236 adventuriers ceulx qui eſtoyent dans leſd. places ont mange les amonicions leſquelles

965 2188 2535 236 ne ſe peuvent Refe̾ quilz nayent argent pour payer ce quilz en ont prins / queſt

970 2314 2530 267 touſiours gros hazard deſd. places / Je vous laiſſe pencer en quelle faſcheon Len

986 2471 2493 262 ſuis Jay eſté contrainct preſter en chune̾ deſd places xxv eſniz pour deꝑtir avy

970 2639 2499 231 compaignons que Je y ay faict Retourner pour leur vivre Et si ay preſte A

934 2781 2466 231 ma bource ou faict fournir de vivres ſur mon

960 2938 2446 226 adventuriers et de quoy Jay reſpondu plus de ſix mille franz ./ car autrement

970 3059 2457 246 eſtoit Impoſſible garder quilz nabandonnaſſent narbonne leſd places ⁊ autres

923 3332 2498 262 ne le prenes a meur comme Il vous touche / Il me doubte davoir ung jour une

960 3657 1999 252 Et me ſemble quil ne tient a vous en avoir aſſes adverti

934 3788 2556 294 Je vous depeſche expreſſamment ceſte poſte ./ que devant vre ꝑtement pour aller

976 3951 2398 262 en angleterre me mandes a qui le Roy entend que en vre abſence Jadreſſe les

976 4082 2487 304 pacquetz et autres afferez que ſurviendront en ceſte frontiere ./ Et auſſi ꝙ donnes

949 4371 2509 320 leur eſt deu queſt de huict mois comme deſſus eſt dit . Enſemble

965 4560 2451 257 quelque argent pour les caz Inoppinez A quoy Jay fourny ma bource

944 4727 2467 363 Juſques aceſtheure ./ Et remonſtrer au Roy quil luy plaiſe avoir regard

3841 367 147 189 93
